@article{kermack1991contributions,
  title={Contributions to the mathematical theory of epidemics--I. 1927.},
  author={Kermack, William O and McKendrick, Anderson G},
  journal={Bulletin of mathematical biology},
  volume={53},
  number={1-2},
  pages={33--55},
  year={1991}
}


@article{knodel20173d,
  title={3D spatially resolved models of the intracellular dynamics of the hepatitis C genome replication cycle},
  author={Knodel, Markus M and Reiter, Sebastian and Targett-Adams, Paul and Grillo, Alfio and Herrmann, Eva and Wittum, Gabriel},
  journal={Viruses},
  volume={9},
  number={10},
  pages={282},
  year={2017},
  publisher={Multidisciplinary Digital Publishing Institute}
}